<record><leader>00000cas a22000007a 4500</leader><controlfield tag="001">19844739</controlfield><controlfield tag="008">890610d19251926njuwr ne      0    0eng d</controlfield><datafield ind1=" " ind2=" " tag="010"><subfield code="a">sn 88071165 </subfield></datafield><datafield ind1=" " ind2=" " tag="040"><subfield code="a">NJW</subfield><subfield code="b">eng</subfield><subfield code="c">NJW</subfield><subfield code="d">OCLCQ</subfield></datafield><datafield ind1=" " ind2=" " tag="042"><subfield code="a">msc</subfield></datafield><datafield ind1="0" ind2=" " tag="130"><subfield code="a">Courier (Orange, N.J.)</subfield></datafield><datafield ind1="1" ind2="4" tag="245"><subfield code="a">The courier.</subfield></datafield><datafield ind1=" " ind2=" " tag="260"><subfield code="a">Orange, N.J. :</subfield><subfield code="b">Courier Pub. Co.,</subfield><subfield code="c">1925-1926.</subfield></datafield><datafield ind1=" " ind2=" " tag="310"><subfield code="a">Weekly</subfield></datafield><datafield ind1="0" ind2=" " tag="362"><subfield code="a">Vol. 28, no. 32 (Feb. 6, 1925)-v. 30, no. 19 (Nov. 5, 1926).</subfield></datafield><datafield ind1=" " ind2=" " tag="580"><subfield code="a">Formed by the union of: Orange advertiser; West Orange press; and: East Orange times.</subfield></datafield><datafield ind1=" " ind2=" " tag="752"><subfield code="a">United States</subfield><subfield code="b">New Jersey</subfield><subfield code="c">Essex</subfield><subfield code="d">Orange.</subfield></datafield><datafield ind1="1" ind2="4" tag="780"><subfield code="t">Orange advertiser</subfield><subfield code="w">(DLC)sn 89069124</subfield></datafield><datafield ind1="1" ind2="4" tag="780"><subfield code="t">West Orange press</subfield></datafield><datafield ind1="1" ind2="4" tag="780"><subfield code="t">East Orange times</subfield></datafield><datafield ind1="0" ind2="0" tag="785"><subfield code="t">Daily courier of the Oranges and Maplewood (Orange, N.J. : 1926)</subfield><subfield code="w">(DLC)sn 88071167</subfield></datafield></record>